@book{pinedo2012scheduling,
  title={Scheduling: Theory, Algorithms, and Systems},
  author={Pinedo, Michael},
  year={2012},
  edition={4},
  publisher={Springer}
}

@book{codecomplete2,
  title={Code Complete: A Practical Handbook of Software Construction},
  author={McConnell, Steve},
  year={2004},
  edition={2},
  publisher={Microsoft Press}
}

@article{muller2010algeng,
  title={Algorithm Engineering},
  author={M{\"u}ller-Hannemann, Matthias and Schirra, Stefan},
  journal={Noch nicht},
  year={2010},
  publisher={Springer}
}

% Test instance generation via PCA
@article{smith2015generating,
  title={Generating new test instances by evolving in instance space},
  author={Smith-Miles, Kate and Bowly, Simon},
  journal={Computers \& Operations Research},
  volume={63},
  pages={102--113},
  year={2015},
  publisher={Elsevier}
}

% phase transitions of ATSP
@article{zhang2004phase,
  title={Phase transitions and backbones of the asymmetric traveling salesman problem},
  author={Zhang, Weixiong},
  journal={Journal of Artificial Intelligence Research},
  volume={21},
  pages={471--497},
  year={2004}
}

@inproceedings{mitchell1992hard,
  title={Hard and easy distributions of SAT problems},
  author={Mitchell, David and Selman, Bart and Levesque, Hector},
  booktitle={AAAI},
  volume={92},
  pages={459--465},
  year={1992}
}

%
%
%
@techreport{klee1970good,
  title={How good is the simplex algorithm},
  author={Klee, Victor and Minty, George J},
  year={1970},
  institution={Washington Univ Seattle Dept of Mathematics}
}

@article{robertson1995graph,
  title={Graph minors. XIII. The disjoint paths problem},
  author={Robertson, Neil and Seymour, Paul D},
  journal={Journal of combinatorial theory, Series B},
  volume={63},
  number={1},
  pages={65--110},
  year={1995},
  publisher={Elsevier}
}

@article{robertson2004graph,
  title={Graph minors. XX. Wagner's conjecture},
  author={Robertson, Neil and Seymour, Paul D},
  journal={Journal of Combinatorial Theory, Series B},
  volume={92},
  number={2},
  pages={325--357},
  year={2004},
  publisher={Academic Press}
}

%
% Criticism of "competitive" computational testing
%

@article {hooker1995testing,
  title={Testing heuristics: We have it all wrong},
  author={Hooker, John N},
  journal={Journal of heuristics},
  volume={1},
  number={1},
  pages={33-42},
  year={1995},
  publisher={Springer}
}

@article{sorensen2015metaheuristics,
  title={Metaheuristics--the metaphor exposed},
  author={S{\"o}rensen, Kenneth},
  journal={International Transactions in Operational Research},
  volume={22},
  number={1},
  pages={3--18},
  year={2015},
  publisher={Wiley Online Library}
}

%
% Computational testing - general references
%
@article{jackson1978critical,
  title={A critical review of comparisons of mathematical programming algorithms and software/1953-1977},
  author={Jackson, Richard HF and Mulvey, John M},
  journal={Journal of Research},
  volume={83},
  pages={563--584},
  year={1978}
}

@article{jackson1990guidelines,
  title={Guidelines for reporting results of computational experiments. Report of the ad hoc committee},
  author={Jackson, Richard HF and Boggs, Paul T and Nash, Stephen G and Powell, Susan},
  journal={Mathematical programming},
  volume={49},
  number={1},
  pages={413--425},
  year={1990},
  publisher={Springer}
}

% Variance reduction tutorial
@article{mcgeoch1992analyzing,
  title={Analyzing algorithms by simulation: variance reduction techniques and simulation speedups},
  author={McGeoch, Catherine},
  journal={ACM Computing Surveys (CSUR)},
  volume={24},
  number={2},
  pages={195--212},
  year={1992},
  publisher={ACM}
}

@article{fishman1997implementation,
  title={An implementation of the batch means method},
  author={Fishman, George S and Yarberry, L Stephen},
  journal={INFORMS Journal on Computing},
  volume={9},
  number={3},
  pages={296--310},
  year={1997},
  publisher={INFORMS}
}

% One of the most cited papers on computational testing of heuristics
@article{barr1995designing,
  title={Designing and reporting on computational experiments with heuristic methods},
  author={Barr, Richard S and Golden, Bruce L and Kelly, James P and Resende, Mauricio GC and Stewart, William R},
  journal={Journal of heuristics},
  volume={1},
  number={1},
  pages={9--32},
  year={1995},
  publisher={Springer}
}


@article{coffin2000statistical,
  title={Statistical analysis of computational tests of algorithms and heuristics},
  author={Coffin, Marie and Saltzman, Matthew J},
  journal={INFORMS Journal on Computing},
  volume={12},
  number={1},
  pages={24--44},
  year={2000},
  publisher={INFORMS}
}

@article{johnson2002theoretician,
  title={A theoretician's guide to the experimental analysis of algorithms},
  author={Johnson, David S},
  journal={Data structures, near neighbor searches, and methodology: fifth and sixth DIMACS implementation challenges},
  volume={59},
  pages={215--250},
  year={2002},
  publisher={Providence}
}

@incollection{mcgeoch2002experimental,
  title={Experimental analysis of algorithms},
  author={McGeoch, Catherine C},
  booktitle={Handbook of global optimization},
  pages={489--513},
  year={2002},
  publisher={Springer}
}

@misc{JOHpolicies,
    title={Journal of heuristic policies on heuristic search research},
    howpublished={\url{http://www.springer.com/cda/content/document/cda_downloaddocument/Journal+of+Heuristic+Policies+on+Heuristic+Search.pdf?SGWID=0-0-45-1483502-p35487524}},
    note={See "Policy Statement (pdf, 451kB)" link on \url{https://www.springer.com/mathematics/journal/10732}}
}

